@misc{Garzanti_timbro,
	title = "Mauro Graziani - Dispense di Acustica per Musicisti",
	note = {\url{"http://www.maurograziani.org/text_pages/acoustic/acustica/MG_Acustica06.html"}},
}

@book{BenestySondhiHuang2008,
  editor = {Benesty, Jacob and Sondhi, M. Mohan and Huang, Yiteng},
  publisher = {Springer},
  title = {Springer Handbook of Speech Processing},
  year = 2008
}


@INPROCEEDINGS{Cuadra01efficientpitch,
    author = {Patricio De La Cuadra and Aaron Master},
    title = {Efficient pitch detection techniques for interactive music},
    booktitle = {In Proceedings of the 2001 International Computer Music Conference, La Habana},
    year = {2001}
}

@book{giordano2009reasoning,
  title={Reasoning and Relationships},
  author={Giordano, N.},
  series={Available 2010 Titles Enhanced Web Assign Series},
  year={2009},
  publisher={Brooks/Cole, Cengage Learning}
}
